@manual{emmeans,
title = {emmeans: Estimated Marginal Means, aka Least-Squares Means},
author = {Russell V. Lenth},
year = {2021},
note = {R package version 1.5.5-1},
url = {https://CRAN.R-project.org/package=emmeans},
}

@article{wec,
title = {A novel method for modelling interaction between categorical variables.},
author = {Manfred {Te Grotenhuis} and Ben Pelzer and Rob Eisinga and Rense Nieuwenhuis and Alexander Schmidt-Catran and Ruben Konig},
year = {2016},
journal = {International Journal of Public Health},
pages = {1-5},
url = {http://doi.org/10.1007/s00038-016-0902-0},
}
